@ARTICLE{2010ApJS..190..267P,
       author = {{Pr{\'e}zeau}, G. and {Reinecke}, M.},
        title = "{Algorithm for the Evaluation of Reduced Wigner Matrices}",
      journal = {\apjs},
     keywords = {cosmic background radiation, cosmology: observations, instrumentation: adaptive optics, methods: data analysis, techniques: image processing, Astrophysics - Instrumentation and Methods for Astrophysics, Astrophysics - Cosmology and Nongalactic Astrophysics},
         year = "2010",
        month = "Oct",
       volume = {190},
       number = {2},
        pages = {267-274},
          doi = {10.1088/0067-0049/190/2/267},
archivePrefix = {arXiv},
       eprint = {1002.1050},
 primaryClass = {astro-ph.IM},
       adsurl = {https://ui.adsabs.harvard.edu/abs/2010ApJS..190..267P},
      adsnote = {Provided by the SAO/NASA Astrophysics Data System}
}