@article{2005poutanen,
	author = {Poutanen, T and de Gasperis, Giancarlo and Hivon, Eric and Kurki-Suonio, H and Balbi, Amedeo and Borrill, J and Cantalupo, C and Doré, Olivier and Keihanen, E and R. Lawrence, C and Maino, Davide and Natoli, P and Prunet, S and Stompor, Radek and Teyssier, Romain},
	year = {2005},
	month = {01},
	pages = {},
	title = {Comparison of map-making algorithms for CMB experiments},
	journal = {Astronomy and Astrophysics},
	doi = {10.1051/0004-6361:20052845}
}

@INPROCEEDINGS{2014SPIE.9153E..1IE,
	author = {{Essinger-Hileman}, Thomas and {Ali}, Aamir and {Amiri}, Mandana and
	{Appel}, John W. and {Araujo}, Derek and {Bennett}, Charles L. and
	{Boone}, Fletcher and {Chan}, Manwei and {Cho}, Hsiao-Mei and
	{Chuss}, David T. and {Colazo}, Felipe and {Crowe}, Erik and
	{Denis}, Kevin and {D{\"u}nner}, Rolando and {Eimer}, Joseph and
	{Gothe}, Dominik and {Halpern}, Mark and {Harrington}, Kathleen and
	{Hilton}, Gene C. and {Hinshaw}, Gary F. and {Huang}, Caroline and
	{Irwin}, Kent and {Jones}, Glenn and {Karakla}, John and
	{Kogut}, Alan J. and {Larson}, David and {Limon}, Michele and
	{Lowry}, Lindsay and {Marriage}, Tobias and {Mehrle}, Nicholas and
	{Miller}, Amber D. and {Miller}, Nathan and {Moseley}, Samuel H. and
	{Novak}, Giles and {Reintsema}, Carl and {Rostem}, Karwan and
	{Stevenson}, Thomas and {Towner}, Deborah and {U-Yen}, Kongpop and
	{Wagner}, Emily and {Watts}, Duncan and {Wollack}, Edward J. and
	{Xu}, Zhilei and {Zeng}, Lingzhen},
	title = "{CLASS: the cosmology large angular scale surveyor}",
	keywords = {Astrophysics - Instrumentation and Methods for Astrophysics},
	year = "2014",
	series = {Society of Photo-Optical Instrumentation Engineers (SPIE) Conference Series},
	volume = {9153},
	month = "Jul",
	eid = {91531I},
	pages = {91531I},
	doi = {10.1117/12.2056701},
	archivePrefix = {arXiv},
	eprint = {1408.4788},
	primaryClass = {astro-ph.IM},
	adsurl = {https://ui.adsabs.harvard.edu/abs/2014SPIE.9153E..1IE},
	adsnote = {Provided by the SAO/NASA Astrophysics Data System}
}

@ARTICLE{2017A&A...598A..25H,
	author = {{Hivon}, Eric and {Mottet}, Sylvain and {Ponthieu}, Nicolas},
	title = "{QuickPol: Fast calculation of effective beam matrices for CMB polarization}",
	journal = {\aap},
	keywords = {cosmic background radiation, cosmology: observations, polarization, methods: analytical, Astrophysics - Cosmology and Nongalactic Astrophysics},
	year = "2017",
	month = "Feb",
	volume = {598},
	eid = {A25},
	pages = {A25},
	doi = {10.1051/0004-6361/201629626},
	archivePrefix = {arXiv},
	eprint = {1608.08833},
	primaryClass = {astro-ph.CO},
	adsurl = {https://ui.adsabs.harvard.edu/abs/2017A&A...598A..25H},
	adsnote = {Provided by the SAO/NASA Astrophysics Data System}
}


@ARTICLE{2004MNRAS.350..914C,
	author = {{Chon}, G. and {Challinor}, A. and {Prunet}, S. and {Hivon}, E. and 
	{Szapudi}, I.},
	title = "{Fast estimation of polarization power spectra using correlation functions}",
	journal = {MNRAS},
	eprint = {astro-ph/0303414},
	keywords = {methods: analytical:, methods: numerical, cosmic microwave background},
	year = 2004,
	month = may,
	volume = 350,
	pages = {914-926},
	doi = {10.1111/j.1365-2966.2004.07737.x},
	adsurl = {https://ui.adsabs.harvard.edu/abs/2004MNRAS.350..914C},
	adsnote = {Provided by the SAO/NASA Astrophysics Data System}
}


@article{bicep2015,
	author = {BICEP, The and Ade, Peter and W. Aikin, R and Barkats, Denis and J. Benton, S and Bischoff, Colin and J. Bock, J and J. Bradford, K and Brevik, Justus and Buder, I and Bullock, E and D. Dowell, C and Duband, L and P. Filippini, J and Fliescher, Stefan and R. Golwala, S and Halpern, M and Hasselfield, M and R. Hildebrandt, S and W. Yoon, K},
	year = {2015},
	month = {02},
	pages = {},
	title = {BICEP2/Keck Array IV: Optical Characterization and Performance of the BICEP2 and Keck Array Experiments},
	volume = {806},
	journal = {The Astrophysical Journal},
	doi = {10.1088/0004-637X/806/2/206}
}

@article {a.constantinr.s.johnson2017,
	author   = "A. Constantin and R. S. Johnson",
	title    = "Large gyres as a shallow-water asymptotic solution of Euler’s equation in spherical coordinates",
	journal  = "Proceedings of the Royal Society A: Mathematical, Physical and Engineering Sciences",
	year     = "2017",
	volume   = "473",
	number   = "2200",
	month    = "apr",
}

@BOOK{1960ratr.book.....C,
	author = {{Chandrasekhar}, Subrahmanyan},
	title = "{Radiative transfer}",
	booktitle = {New York: Dover, 1960},
	year = "1960",
	adsurl = {https://ui.adsabs.harvard.edu/\#abs/1960ratr.book.....C},
	adsnote = {Provided by the SAO/NASA Astrophysics Data System}
}

@ARTICLE{1140406, 
	author={A. Ludwig}, 
	journal={IEEE Transactions on Antennas and Propagation}, 
	title={The definition of cross polarization}, 
	year={1973}, 
	volume={21}, 
	number={1}, 
	pages={116-119}, 
	keywords={Antennas;Polarizations;Terminology;Polarization;Concurrent computing;Antenna measurements;Differential equations;Antenna accessories;Antenna arrays;Log periodic antennas;Wire;Measurement standards;Communication channels}, 
	doi={10.1109/TAP.1973.1140406}, 
	ISSN={0018-926X}, 
	month={January},}

@ARTICLE{2007MNRAS.376.1767O,
	author = {{O'Dea}, D. and {Challinor}, A. and {Johnson}, B.~R.},
	title = "{Systematic errors in cosmic microwave background polarization measurements}",
	journal = {MNRAS},
	eprint = {astro-ph/0610361},
	keywords = {methods: analytical, methods: numerical, cosmic microwave background},
	year = 2007,
	month = apr,
	volume = 376,
	pages = {1767-1783},
	doi = {10.1111/j.1365-2966.2007.11558.x},
	adsurl = {http://adsabs.harvard.edu/abs/2007MNRAS.376.1767O},
	adsnote = {Provided by the SAO/NASA Astrophysics Data System}
}

@article{piepmeier_long_njoku_2008, 
	title={Stokes Antenna Temperatures}, 
	volume={46}, 
	DOI={10.1109/tgrs.2007.909597}, 
	number={2}, 
	journal={IEEE Transactions on Geoscience and Remote Sensing}, 
	author={Piepmeier, Jeffrey R. and Long, David G. and Njoku, Eni G.}, 
	year={2008}, 
	pages={516–527}
} 

@ARTICLE{2007A&A...470..771J,
	author = {{Jones}, W.~C. and {Montroy}, T.~E. and {Crill}, B.~P. and {Contaldi}, C.~R. and 
	{Kisner}, T.~S. and {Lange}, A.~E. and {MacTavish}, C.~J. and 
	{Netterfield}, C.~B. and {Ruhl}, J.~E.},
	title = "{Instrumental and analytic methods for bolometric polarimetry}",
	journal = {AAP},
	eprint = {astro-ph/0606606},
	keywords = {cosmic microwave background, polarization, instrumentation: detectors, instrumentation: polarimeters, techniques: polarimetric, methods: numerical},
	year = 2007,
	month = aug,
	volume = 470,
	pages = {771-785},
	doi = {10.1051/0004-6361:20065911},
	adsurl = {http://adsabs.harvard.edu/abs/2007A%26A...470..771J},
	adsnote = {Provided by the SAO/NASA Astrophysics Data System}
}

@INPROCEEDINGS{2016SPIE.9914E..1KH,
	author = {{Harrington}, K. and {Marriage}, T. and {Ali}, A. and {Appel}, J.~W. and 
	{Bennett}, C.~L. and {Boone}, F. and {Brewer}, M. and {Chan}, M. and 
	{Chuss}, D.~T. and {Colazo}, F. and {Dahal}, S. and {Denis}, K. and 
	{D{\"u}nner}, R. and {Eimer}, J. and {Essinger-Hileman}, T. and 
	{Fluxa}, P. and {Halpern}, M. and {Hilton}, G. and {Hinshaw}, G.~F. and 
	{Hubmayr}, J. and {Iuliano}, J. and {Karakla}, J. and {McMahon}, J. and 
	{Miller}, N.~T. and {Moseley}, S.~H. and {Palma}, G. and {Parker}, L. and 
	{Petroff}, M. and {Pradenas}, B. and {Rostem}, K. and {Sagliocca}, M. and 
	{Valle}, D. and {Watts}, D. and {Wollack}, E. and {Xu}, Z. and 
	{Zeng}, L.},
	title = "{The Cosmology Large Angular Scale Surveyor}",
	booktitle = {Millimeter, Submillimeter, and Far-Infrared Detectors and Instrumentation for Astronomy VIII},
	year = 2016,
	series = {SPIE},
	volume = 9914,
	archivePrefix = "arXiv",
	eprint = {1608.08234},
	primaryClass = "astro-ph.IM",
	month = jul,
	eid = {99141K},
	pages = {99141K},
	doi = {10.1117/12.2233125},
	adsurl = {http://adsabs.harvard.edu/abs/2016SPIE.9914E..1KH},
	adsnote = {Provided by the SAO/NASA Astrophysics Data System}
}

@book{sanders2010cuda
	,	title	= {CUDA by example: an introduction to general-purpose GPU programming}
	,	author	= {Sanders, Jason and Kandrot, Edward}
	,	year	= {2010}
	,	publisher	= {Addison-Wesley Professional}
}

@ARTICLE{2005ApJ...622..759G,
	author = {{G{\'o}rski}, K.~M. and {Hivon}, E. and {Banday}, A.~J. and 
	{Wandelt}, B.~D. and {Hansen}, F.~K. and {Reinecke}, M. and 
	{Bartelmann}, M.},
	title = "{HEALPix: A Framework for High-Resolution Discretization and Fast Analysis of Data Distributed on the Sphere}",
	journal = {APJ},
	eprint = {arXiv:astro-ph/0409513},
	keywords = {Cosmology: Cosmic Microwave Background, Cosmology: Observations, Methods: Statistical},
	year = 2005,
	month = apr,
	volume = 622,
	pages = {759-771},
	doi = {10.1086/427976},
	adsurl = {http://adsabs.harvard.edu/abs/2005ApJ...622..759G},
	adsnote = {Provided by the SAO/NASA Astrophysics Data System}
}

@ARTICLE{2016A&A...594A..12P,
	author = {{Planck Collaboration} and {Ade}, P.~A.~R. and {Aghanim}, N. and
	{Arnaud}, M. and {Ashdown}, M. and {Aumont}, J. and {Baccigalupi}, C. and
	{Banday}, A.~J. and {Barreiro}, R.~B. and {Bartlett}, J.~G. and
	{Bartolo}, N. and {Battaner}, E. and {Benabed}, K. and
	{Beno{\^\i}t}, A. and {Benoit-L{\'e}vy}, A. and {Bernard}, J. -P. and
	{Bersanelli}, M. and {Bielewicz}, P. and {Bock}, J.~J. and
	{Bonaldi}, A. and {Bonavera}, L. and {Bond}, J.~R. and {Borrill}, J. and
	{Bouchet}, F.~R. and {Boulanger}, F. and {Bucher}, M. and
	{Burigana}, C. and {Butler}, R.~C. and {Calabrese}, E. and
	{Cardoso}, J. -F. and {Castex}, G. and {Catalano}, A. and
	{Challinor}, A. and {Chamballu}, A. and {Chiang}, H.~C. and
	{Christensen}, P.~R. and {Clements}, D.~L. and {Colombi}, S. and
	{Colombo}, L.~P.~L. and {Combet}, C. and {Couchot}, F. and
	{Coulais}, A. and {Crill}, B.~P. and {Curto}, A. and {Cuttaia}, F. and
	{Danese}, L. and {Davies}, R.~D. and {Davis}, R.~J. and
	{de Bernardis}, P. and {de Rosa}, A. and {de Zotti}, G. and
	{Delabrouille}, J. and {Delouis}, J. -M. and {D{\'e}sert}, F. -X. and
	{Dickinson}, C. and {Diego}, J.~M. and {Dolag}, K. and {Dole}, H. and
	{Donzelli}, S. and {Dor{\'e}}, O. and {Douspis}, M. and {Ducout}, A. and
	{Dupac}, X. and {Efstathiou}, G. and {Elsner}, F. and
	{En{\ss}lin}, T.~A. and {Eriksen}, H.~K. and {Fergusson}, J. and
	{Finelli}, F. and {Forni}, O. and {Frailis}, M. and {Fraisse}, A.~A. and
	{Franceschi}, E. and {Frejsel}, A. and {Galeotta}, S. and {Galli}, S. and
	{Ganga}, K. and {Ghosh}, T. and {Giard}, M. and
	{Giraud-H{\'e}raud}, Y. and {Gjerl{\o}w}, E. and
	{Gonz{\'a}lez-Nuevo}, J. and {G{\'o}rski}, K.~M. and {Gratton}, S. and
	{Gregorio}, A. and {Gruppuso}, A. and {Gudmundsson}, J.~E. and
	{Hansen}, F.~K. and {Hanson}, D. and {Harrison}, D.~L. and
	{Henrot-Versill{\'e}}, S. and {Hern{\'a}ndez-Monteagudo}, C. and
	{Herranz}, D. and {Hildebrandt}, S.~R. and {Hivon}, E. and
	{Hobson}, M. and {Holmes}, W.~A. and {Hornstrup}, A. and {Hovest}, W. and
	{Huffenberger}, K.~M. and {Hurier}, G. and {Jaffe}, A.~H. and
	{Jaffe}, T.~R. and {Jones}, W.~C. and {Juvela}, M. and {Karakci}, A. and
	{Keih{\"a}nen}, E. and {Keskitalo}, R. and {Kiiveri}, K. and
	{Kisner}, T.~S. and {Kneissl}, R. and {Knoche}, J. and {Kunz}, M. and
	{Kurki-Suonio}, H. and {Lagache}, G. and {Lamarre}, J. -M. and
	{Lasenby}, A. and {Lattanzi}, M. and {Lawrence}, C.~R. and
	{Leonardi}, R. and {Lesgourgues}, J. and {Levrier}, F. and
	{Liguori}, M. and {Lilje}, P.~B. and {Linden-V{\o}rnle}, M. and
	{Lindholm}, V. and {L{\'o}pez-Caniego}, M. and {Lubin}, P.~M. and
	{Mac{\'\i}as-P{\'e}rez}, J.~F. and {Maggio}, G. and {Maino}, D. and {Mand
	olesi}, N. and {Mangilli}, A. and {Maris}, M. and {Martin}, P.~G. and
	{Mart{\'\i}nez-Gonz{\'a}lez}, E. and {Masi}, S. and {Matarrese}, S. and
	{McGehee}, P. and {Meinhold}, P.~R. and {Melchiorri}, A. and
	{Melin}, J. -B. and {Mendes}, L. and {Mennella}, A. and
	{Migliaccio}, M. and {Mitra}, S. and {Miville-Desch{\^e}nes}, M. -A. and
	{Moneti}, A. and {Montier}, L. and {Morgante}, G. and {Mortlock}, D. and
	{Moss}, A. and {Munshi}, D. and {Murphy}, J.~A. and {Naselsky}, P. and
	{Nati}, F. and {Natoli}, P. and {Netterfield}, C.~B. and
	{N{\o}rgaard-Nielsen}, H.~U. and {Noviello}, F. and {Novikov}, D. and
	{Novikov}, I. and {Oxborrow}, C.~A. and {Paci}, F. and {Pagano}, L. and
	{Pajot}, F. and {Paoletti}, D. and {Pasian}, F. and {Patanchon}, G. and
	{Pearson}, T.~J. and {Perdereau}, O. and {Perotto}, L. and
	{Perrotta}, F. and {Pettorino}, V. and {Piacentini}, F. and {Piat}, M. and
	{Pierpaoli}, E. and {Pietrobon}, D. and {Plaszczynski}, S. and
	{Pointecouteau}, E. and {Polenta}, G. and {Pratt}, G.~W. and
	{Pr{\'e}zeau}, G. and {Prunet}, S. and {Puget}, J. -L. and
	{Rachen}, J.~P. and {Rebolo}, R. and {Reinecke}, M. and
	{Remazeilles}, M. and {Renault}, C. and {Renzi}, A. and
	{Ristorcelli}, I. and {Rocha}, G. and {Roman}, M. and {Rosset}, C. and
	{Rossetti}, M. and {Roudier}, G. and {Rubi{\~n}o-Mart{\'\i}n}, J.~A. and
	{Rusholme}, B. and {Sandri}, M. and {Santos}, D. and {Savelainen}, M. and
	{Scott}, D. and {Seiffert}, M.~D. and {Shellard}, E.~P.~S. and
	{Spencer}, L.~D. and {Stolyarov}, V. and {Stompor}, R. and
	{Sudiwala}, R. and {Sutton}, D. and {Suur-Uski}, A. -S. and
	{Sygnet}, J. -F. and {Tauber}, J.~A. and {Terenzi}, L. and
	{Toffolatti}, L. and {Tomasi}, M. and {Tristram}, M. and {Tucci}, M. and
	{Tuovinen}, J. and {Valenziano}, L. and {Valiviita}, J. and
	{Van Tent}, B. and {Vielva}, P. and {Villa}, F. and {Wade}, L.~A. and
	{Wandelt}, B.~D. and {Wehus}, I.~K. and {Welikala}, N. and {Yvon}, D. and
	{Zacchei}, A. and {Zonca}, A.},
	title = "{Planck 2015 results. XII. Full focal plane simulations}",
	journal = {AAP},
	keywords = {methods: data analysis, methods: numerical, cosmic background radiation, Astrophysics - Cosmology and Nongalactic Astrophysics},
	year = "2016",
	month = "Sep",
	volume = {594},
	eid = {A12},
	pages = {A12},
	doi = {10.1051/0004-6361/201527103},
	archivePrefix = {arXiv},
	eprint = {1509.06348},
	primaryClass = {astro-ph.CO},
	adsurl = {https://ui.adsabs.harvard.edu/\#abs/2016A&A...594A..12P},
	adsnote = {Provided by the SAO/NASA Astrophysics Data System}
}

@ARTICLE{2016A&A...594A..12P,
author = {{Planck Collaboration} and {Ade}, P.~A.~R. and {Aghanim}, N. and
{Arnaud}, M. and {Ashdown}, M. and {Aumont}, J. and {Baccigalupi}, C. and
{Banday}, A.~J. and {Barreiro}, R.~B. and {Bartlett}, J.~G. and
{Bartolo}, N. and {Battaner}, E. and {Benabed}, K. and
{Beno{\^\i}t}, A. and {Benoit-L{\'e}vy}, A. and {Bernard}, J. -P. and
{Bersanelli}, M. and {Bielewicz}, P. and {Bock}, J.~J. and
{Bonaldi}, A. and {Bonavera}, L. and {Bond}, J.~R. and {Borrill}, J. and
{Bouchet}, F.~R. and {Boulanger}, F. and {Bucher}, M. and
{Burigana}, C. and {Butler}, R.~C. and {Calabrese}, E. and
{Cardoso}, J. -F. and {Castex}, G. and {Catalano}, A. and
{Challinor}, A. and {Chamballu}, A. and {Chiang}, H.~C. and
{Christensen}, P.~R. and {Clements}, D.~L. and {Colombi}, S. and
{Colombo}, L.~P.~L. and {Combet}, C. and {Couchot}, F. and
{Coulais}, A. and {Crill}, B.~P. and {Curto}, A. and {Cuttaia}, F. and
{Danese}, L. and {Davies}, R.~D. and {Davis}, R.~J. and
{de Bernardis}, P. and {de Rosa}, A. and {de Zotti}, G. and
{Delabrouille}, J. and {Delouis}, J. -M. and {D{\'e}sert}, F. -X. and
{Dickinson}, C. and {Diego}, J.~M. and {Dolag}, K. and {Dole}, H. and
{Donzelli}, S. and {Dor{\'e}}, O. and {Douspis}, M. and {Ducout}, A. and
{Dupac}, X. and {Efstathiou}, G. and {Elsner}, F. and
{En{\ss}lin}, T.~A. and {Eriksen}, H.~K. and {Fergusson}, J. and
{Finelli}, F. and {Forni}, O. and {Frailis}, M. and {Fraisse}, A.~A. and
{Franceschi}, E. and {Frejsel}, A. and {Galeotta}, S. and {Galli}, S. and
{Ganga}, K. and {Ghosh}, T. and {Giard}, M. and
{Giraud-H{\'e}raud}, Y. and {Gjerl{\o}w}, E. and
{Gonz{\'a}lez-Nuevo}, J. and {G{\'o}rski}, K.~M. and {Gratton}, S. and
{Gregorio}, A. and {Gruppuso}, A. and {Gudmundsson}, J.~E. and
{Hansen}, F.~K. and {Hanson}, D. and {Harrison}, D.~L. and
{Henrot-Versill{\'e}}, S. and {Hern{\'a}ndez-Monteagudo}, C. and
{Herranz}, D. and {Hildebrandt}, S.~R. and {Hivon}, E. and
{Hobson}, M. and {Holmes}, W.~A. and {Hornstrup}, A. and {Hovest}, W. and
{Huffenberger}, K.~M. and {Hurier}, G. and {Jaffe}, A.~H. and
{Jaffe}, T.~R. and {Jones}, W.~C. and {Juvela}, M. and {Karakci}, A. and
{Keih{\"a}nen}, E. and {Keskitalo}, R. and {Kiiveri}, K. and
{Kisner}, T.~S. and {Kneissl}, R. and {Knoche}, J. and {Kunz}, M. and
{Kurki-Suonio}, H. and {Lagache}, G. and {Lamarre}, J. -M. and
{Lasenby}, A. and {Lattanzi}, M. and {Lawrence}, C.~R. and
{Leonardi}, R. and {Lesgourgues}, J. and {Levrier}, F. and
{Liguori}, M. and {Lilje}, P.~B. and {Linden-V{\o}rnle}, M. and
{Lindholm}, V. and {L{\'o}pez-Caniego}, M. and {Lubin}, P.~M. and
{Mac{\'\i}as-P{\'e}rez}, J.~F. and {Maggio}, G. and {Maino}, D. and {Mand
olesi}, N. and {Mangilli}, A. and {Maris}, M. and {Martin}, P.~G. and
{Mart{\'\i}nez-Gonz{\'a}lez}, E. and {Masi}, S. and {Matarrese}, S. and
{McGehee}, P. and {Meinhold}, P.~R. and {Melchiorri}, A. and
{Melin}, J. -B. and {Mendes}, L. and {Mennella}, A. and
{Migliaccio}, M. and {Mitra}, S. and {Miville-Desch{\^e}nes}, M. -A. and
{Moneti}, A. and {Montier}, L. and {Morgante}, G. and {Mortlock}, D. and
{Moss}, A. and {Munshi}, D. and {Murphy}, J.~A. and {Naselsky}, P. and
{Nati}, F. and {Natoli}, P. and {Netterfield}, C.~B. and
{N{\o}rgaard-Nielsen}, H.~U. and {Noviello}, F. and {Novikov}, D. and
{Novikov}, I. and {Oxborrow}, C.~A. and {Paci}, F. and {Pagano}, L. and
{Pajot}, F. and {Paoletti}, D. and {Pasian}, F. and {Patanchon}, G. and
{Pearson}, T.~J. and {Perdereau}, O. and {Perotto}, L. and
{Perrotta}, F. and {Pettorino}, V. and {Piacentini}, F. and {Piat}, M. and
{Pierpaoli}, E. and {Pietrobon}, D. and {Plaszczynski}, S. and
{Pointecouteau}, E. and {Polenta}, G. and {Pratt}, G.~W. and
{Pr{\'e}zeau}, G. and {Prunet}, S. and {Puget}, J. -L. and
{Rachen}, J.~P. and {Rebolo}, R. and {Reinecke}, M. and
{Remazeilles}, M. and {Renault}, C. and {Renzi}, A. and
{Ristorcelli}, I. and {Rocha}, G. and {Roman}, M. and {Rosset}, C. and
{Rossetti}, M. and {Roudier}, G. and {Rubi{\~n}o-Mart{\'\i}n}, J.~A. and
{Rusholme}, B. and {Sandri}, M. and {Santos}, D. and {Savelainen}, M. and
{Scott}, D. and {Seiffert}, M.~D. and {Shellard}, E.~P.~S. and
{Spencer}, L.~D. and {Stolyarov}, V. and {Stompor}, R. and
{Sudiwala}, R. and {Sutton}, D. and {Suur-Uski}, A. -S. and
{Sygnet}, J. -F. and {Tauber}, J.~A. and {Terenzi}, L. and
{Toffolatti}, L. and {Tomasi}, M. and {Tristram}, M. and {Tucci}, M. and
{Tuovinen}, J. and {Valenziano}, L. and {Valiviita}, J. and
{Van Tent}, B. and {Vielva}, P. and {Villa}, F. and {Wade}, L.~A. and
{Wandelt}, B.~D. and {Wehus}, I.~K. and {Welikala}, N. and {Yvon}, D. and
{Zacchei}, A. and {Zonca}, A.},
title = "{Planck 2015 results. XII. Full focal plane simulations}",
journal = {AAP},
keywords = {methods: data analysis, methods: numerical, cosmic background radiation, Astrophysics - Cosmology and Nongalactic Astrophysics},
year = "2016",
month = "Sep",
volume = {594},
eid = {A12},
pages = {A12},
doi = {10.1051/0004-6361/201527103},
archivePrefix = {arXiv},
eprint = {1509.06348},
primaryClass = {astro-ph.CO},
adsurl = {https://ui.adsabs.harvard.edu/\#abs/2016A&A...594A..12P},
adsnote = {Provided by the SAO/NASA Astrophysics Data System}
}

@ARTICLE{2005ApJ...622..759G,
	author = {{G{\'o}rski}, K.~M. and {Hivon}, E. and {Banday}, A.~J. and 
	{Wandelt}, B.~D. and {Hansen}, F.~K. and {Reinecke}, M. and 
	{Bartelmann}, M.},
	title = "{HEALPix: A Framework for High-Resolution Discretization and Fast Analysis of Data Distributed on the Sphere}",
	journal = {APJ},
	eprint = {arXiv:astro-ph/0409513},
	keywords = {Cosmology: Cosmic Microwave Background, Cosmology: Observations, Methods: Statistical},
	year = 2005,
	month = apr,
	volume = 622,
	pages = {759-771},
	doi = {10.1086/427976},
	adsurl = {http://adsabs.harvard.edu/abs/2005ApJ...622..759G},
	adsnote = {Provided by the SAO/NASA Astrophysics Data System}
}

@ARTICLE{2000PhRvD..62l3002C,
	author = {{Challinor}, Anthony and {Fosalba}, Pablo and {Mortlock}, Daniel and
	{Ashdown}, Mark and {Wandelt}, Benjamin and {G{\'o}rski}, Krzysztof},
	title = "{All-sky convolution for polarimetry experiments}",
	journal = {PRD},
	keywords = {95.75.Hi, 98.70.Vc, 98.80.-k, Polarimetry, Background radiations, Cosmology, Astrophysics},
	year = "2000",
	month = "Dec",
	volume = {62},
	eid = {123002},
	pages = {123002},
	doi = {10.1103/PhysRevD.62.123002},
	archivePrefix = {arXiv},
	eprint = {astro-ph/0008228},
	primaryClass = {astro-ph},
	adsurl = {https://ui.adsabs.harvard.edu/\#abs/2000PhRvD..62l3002C},
	adsnote = {Provided by the SAO/NASA Astrophysics Data System}
}



@ARTICLE{2001PhRvD..63l3002W,
	author = {{Wandelt}, Benjamin D. and {G{\'o}rski}, Krzysztof M.},
	title = "{Fast convolution on the sphere}",
	journal = {PRD},
	keywords = {95.75.Pq, 98.70.Vc, 98.80.-k, Mathematical procedures and computer techniques, Background radiations, Cosmology, Astrophysics},
	year = "2001",
	month = "Jun",
	volume = {63},
	eid = {123002},
	pages = {123002},
	doi = {10.1103/PhysRevD.63.123002},
	archivePrefix = {arXiv},
	eprint = {astro-ph/0008227},
	primaryClass = {astro-ph},
	adsurl = {https://ui.adsabs.harvard.edu/\#abs/2001PhRvD..63l3002W},
	adsnote = {Provided by the SAO/NASA Astrophysics Data System}
}



@ARTICLE{2016arXiv161002743A,
	author = {{Abazajian}, Kevork N. and {Adshead}, Peter and {Ahmed}, Zeeshan and
	{Allen}, Steven W. and {Alonso}, David and {Arnold}, Kam S. and
	{Baccigalupi}, Carlo and {Bartlett}, James G. and
	{Battaglia}, Nicholas and {Benson}, Bradford A. and
	{Bischoff}, Colin A. and {Borrill}, Julian and {Buza}, Victor and
	{Calabrese}, Erminia and {Caldwell}, Robert and {Carlstrom}, John E. and
	{Chang}, Clarence L. and {Crawford}, Thomas M. and
	{Cyr-Racine}, Francis-Yan and {De Bernardis}, Francesco and
	{de Haan}, Tijmen and {di Serego Alighieri}, Sperello and
	{Dunkley}, Joanna and {Dvorkin}, Cora and {Errard}, Josquin and
	{Fabbian}, Giulio and {Feeney}, Stephen and {Ferraro}, Simone and
	{Filippini}, Jeffrey P. and {Flauger}, Raphael and {Fuller}, George M. and
	{Gluscevic}, Vera and {Green}, Daniel and {Grin}, Daniel and
	{Grohs}, Evan and {Henning}, Jason W. and {Hill}, J. Colin and
	{Hlozek}, Renee and {Holder}, Gilbert and {Holzapfel}, William and
	{Hu}, Wayne and {Huffenberger}, Kevin M. and {Keskitalo}, Reijo and
	{Knox}, Lloyd and {Kosowsky}, Arthur and {Kovac}, John and
	{Kovetz}, Ely D. and {Kuo}, Chao-Lin and {Kusaka}, Akito and
	{Le Jeune}, Maude and {Lee}, Adrian T. and {Lilley}, Marc and
	{Loverde}, Marilena and {Madhavacheril}, Mathew S. and {Mantz}, Adam and
	{Marsh}, David J.~E. and {McMahon}, Jeffrey and
	{Meerburg}, Pieter Daniel and {Meyers}, Joel and {Miller}, Amber D. and
	{Munoz}, Julian B. and {Nguyen}, Ho Nam and {Niemack}, Michael D. and
	{Peloso}, Marco and {Peloton}, Julien and {Pogosian}, Levon and
	{Pryke}, Clement and {Raveri}, Marco and {Reichardt}, Christian L. and
	{Rocha}, Graca and {Rotti}, Aditya and {Schaan}, Emmanuel and
	{Schmittfull}, Marcel M. and {Scott}, Douglas and {Sehgal}, Neelima and
	{Shandera}, Sarah and {Sherwin}, Blake D. and {Smith}, Tristan L. and
	{Sorbo}, Lorenzo and {Starkman}, Glenn D. and {Story}, Kyle T. and
	{van Engelen}, Alexander and {Vieira}, Joaquin D. and {Watson}, Scott and
	{Whitehorn}, Nathan and {Kimmy Wu}, W.~L.},
	title = "{CMB-S4 Science Book, First Edition}",
	journal = {arXiv e-prints},
	keywords = {Astrophysics - Cosmology and Nongalactic Astrophysics, General Relativity and Quantum Cosmology, High Energy Physics - Phenomenology, High Energy Physics - Theory},
	year = "2016",
	month = "Oct",
	eid = {arXiv:1610.02743},
	pages = {arXiv:1610.02743},
	archivePrefix = {arXiv},
	eprint = {1610.02743},
	primaryClass = {astro-ph.CO},
	adsurl = {https://ui.adsabs.harvard.edu/\#abs/2016arXiv161002743A},
	adsnote = {Provided by the SAO/NASA Astrophysics Data System}
}



@INPROCEEDINGS{2018AAS...23126102W,
	author = {{Watts}, Duncan and {CLASS Collaboration}},
	title = "{Cosmology with CLASS}",
	booktitle = {American Astronomical Society Meeting Abstracts \#231},
	year = "2018",
	series = {American Astronomical Society Meeting Abstracts},
	volume = {231},
	month = "Jan",
	eid = {261.02},
	pages = {261.02},
	adsurl = {https://ui.adsabs.harvard.edu/\#abs/2018AAS...23126102W},
	adsnote = {Provided by the SAO/NASA Astrophysics Data System}
}



@article{MCCARTHY201632,
	title = "The optimisation, design and verification of feed horn structures for future Cosmic Microwave Background missions",
	journal = "Infrared Physics Technology",
	volume = "76",
	pages = "32 - 37",
	year = "2016",
	issn = "1350-4495",
	doi = "https://doi.org/10.1016/j.infrared.2015.12.014",
	url = "http://www.sciencedirect.com/science/article/pii/S1350449515301808",
	author = "Darragh McCarthy and Neil Trappe and J. Anthony Murphy and Créidhe O’Sullivan and Marcin Gradziel and Stephen Doherty and Peter G. Huggard and Arturo Polegro and Maarten van der Vorst",
	keywords = "Horn antennas, Antenna design, Millimeter wave antennas, Optimisation, Genetic algorithm, Cosmic Microwave Background",
}

@book{jackson_classical_1999,
	added-at = {2009-07-03T16:37:22.000+0200},
	address = {New York, {NY}},
	author = {Jackson, John David},
	biburl = {https://www.bibsonomy.org/bibtex/2baac05176a92886bbe1eae5ee72cf234/cernlibrary},
	edition = {3rd ed.},
	interhash = {05096e24942ceab2a2e9f0d35a45183a},
	intrahash = {baac05176a92886bbe1eae5ee72cf234},
	isbn = {9780471309321},
	keywords = {Fields Maxwell SummerStudentReadList09 book collisions electromagnetic electrostatic equations magnetostatics particle physics radiation relativity special waves},
	lccn = {538.3537.8},
	publisher = {Wiley},
	timestamp = {2009-07-24T15:58:21.000+0200},
	title = {Classical electrodynamics},
	url = {http://cdsweb.cern.ch/record/490457},
	year = 1999
}

@article{gothe2015,
	author = { Gothe, Dominik },
	title  = "{Measuring Inflation with CLASS}",
	year   = "2015"
}

@BOOK{1960ratr.book.....C,
	author = {{Chandrasekhar}, Subrahmanyan},
	title = "{Radiative transfer}",
	booktitle = {New York: Dover, 1960},
	year = "1960",
	adsurl = {https://ui.adsabs.harvard.edu/\#abs/1960ratr.book.....C},
	adsnote = {Provided by the SAO/NASA Astrophysics Data System}
}


@ARTICLE{2015ApJ...814..103W,
	author = {{Watts}, Duncan J. and {Larson}, David and {Marriage}, Tobias A. and
	{Abitbol}, Maximilian H. and {Appel}, John W. and {Bennett},
	Charles L. and {Chuss}, David T. and {Eimer}, Joseph R. and
	{Essinger-Hileman}, Thomas and {Miller}, Nathan J. and {Rostem},
	Karwan and {Wollack}, Edward J.},
	title = "{Measuring the Largest Angular Scale CMB B-mode Polarization with Galactic Foregrounds on a Cut Sky}",
	journal = {APJ},
	keywords = {cosmic background radiation, cosmological parameters, early universe, gravitational waves, inflation, Astrophysics - Cosmology and Nongalactic Astrophysics},
	year = 2015,
	month = Dec,
	volume = {814},
	eid = {103},
	pages = {103},
	doi = {10.1088/0004-637X/814/2/103},
	archivePrefix = {arXiv},
	eprint = {1508.00017},
	primaryClass = {astro-ph.CO},
	adsurl = {https://ui.adsabs.harvard.edu/\#abs/2015ApJ...814..103W},
	adsnote = {Provided by the SAO/NASA Astrophysics Data System}
}

@article{emcee,
	author = {{Foreman-Mackey}, D. and {Hogg}, D.~W. and {Lang}, D. and {Goodman}, J.},
	title = {emcee: The MCMC Hammer},
	journal = {PASP},
	year = 2013,
	volume = 125,
	pages = {306-312},
	eprint = {1202.3665},
	doi = {10.1086/670067}
}

@article{piepmeier_long_njoku_2008, title={Stokes Antenna Temperatures}, volume={46}, DOI={10.1109/tgrs.2007.909597}, number={2}, journal={IEEE Transactions on Geoscience and Remote Sensing}, author={Piepmeier, Jeffrey R. and Long, David G. and Njoku, Eni G.}, year={2008}, pages={516–527}} 

@ARTICLE {a.constantinr.s.johnson2017,
	author   = "A. Constantin and R. S. Johnson",
	title    = "Large gyres as a shallow-water asymptotic solution of Euler’s equation in spherical coordinates",
	journal  = "Proceedings of the Royal Society A: Mathematical, Physical and Engineering Sciences",
	year     = "2017",
	volume   = "473",
	number   = "2200",
	month    = "apr",
}

@article{10.1117/12.2313614,
	author = { Kathleen  Harrington,Joseph  Eimer,David T. Chuss,Matthew  Petroff,Joseph  Cleary,Martin  DeGeorge,Theodore W. Grunberg,Aamir  Ali,John W. Appel,Charles L. Bennett,Michael  Brewer,Ricardo   Bustos,Manwei  Chan,Jullianna  Couto,Sumit  Dahal,Kevin  Denis,Rolando  Dünner,Thomas  Essinger-Hileman,Pedro  Fluxa,Mark  Halpern,Gene  Hilton,Gary F. Hinshaw,Johannes  Hubmayr,Jeffrey  Iuliano,John  Karakla,Tobias  Marriage,Jeffrey  McMahon,Nathan J. Miller,Carolina  Nuñez,Ivan L. Padilla,Gonzalo  Palma,Lucas  Parker,Bastian  Pradenas Marquez,Rodrigo  Reeves,Carl  Reintsema,Karwan  Rostem,Deniz  Augusto Nunes Valle,Trevor  Van Engelhoven,Bingjie  Wang,Qinan  Wang,Duncan  Watts,Janet  Weiland,Edward  Wollack,Zhilei  Xu,Ziang  Yan,Lingzhen  Zeng},
	title = {Variable-delay polarization modulators for the CLASS telescopes},
	journal = {Proc.SPIE},
	volume = {10708},
	number = {},
	pages = {10708 - 10708 - 22},
	year = {2018},
	doi = {10.1117/12.2313614},
	URL = {https://doi.org/10.1117/12.2313614},
	eprint = {}
}

@ARTICLE{2003ApJS..148...39P,
	author = {{Page}, L. and {Barnes}, C. and {Hinshaw}, G. and {Spergel}, D.~N. and
	{Weiland}, J.~L. and {Wollack}, E. and {Bennett}, C.~L. and
	{Halpern}, M. and {Jarosik}, N. and {Kogut}, A. and {Limon}, M.
	and {Meyer}, S.~S. and {Tucker}, G.~S. and {Wright}, E.~L.},
	title = "{First-Year Wilkinson Microwave Anisotropy Probe (WMAP) Observations: Beam Profiles and Window Functions}",
	journal = {The Astrophysical Journal Supplement Series},
	keywords = {Cosmology: Cosmic Microwave Background, Cosmology: Observations, Instrumentation: Miscellaneous, Planets and Satellites: Individual: Jupiter, Telescopes, Astrophysics},
	year = 2003,
	month = Sep,
	volume = {148},
	pages = {39-50},
	doi = {10.1086/377223},
	archivePrefix = {arXiv},
	eprint = {astro-ph/0302214},
	primaryClass = {astro-ph},
	adsurl = {https://ui.adsabs.harvard.edu/\#abs/2003ApJS..148...39P},
	adsnote = {Provided by the SAO/NASA Astrophysics Data System}
}

@ARTICLE{2016A&A...594A..12P,
	author = {{Planck Collaboration} and {Ade}, P.~A.~R. and {Aghanim}, N. and
	{Arnaud}, M. and {Ashdown}, M. and {Aumont}, J. and {Baccigalupi}, C. and
	{Banday}, A.~J. and {Barreiro}, R.~B. and {Bartlett}, J.~G. and
	{Bartolo}, N. and {Battaner}, E. and {Benabed}, K. and
	{Beno{\^\i}t}, A. and {Benoit-L{\'e}vy}, A. and {Bernard}, J. -P. and
	{Bersanelli}, M. and {Bielewicz}, P. and {Bock}, J.~J. and
	{Bonaldi}, A. and {Bonavera}, L. and {Bond}, J.~R. and {Borrill}, J. and
	{Bouchet}, F.~R. and {Boulanger}, F. and {Bucher}, M. and
	{Burigana}, C. and {Butler}, R.~C. and {Calabrese}, E. and
	{Cardoso}, J. -F. and {Castex}, G. and {Catalano}, A. and
	{Challinor}, A. and {Chamballu}, A. and {Chiang}, H.~C. and
	{Christensen}, P.~R. and {Clements}, D.~L. and {Colombi}, S. and
	{Colombo}, L.~P.~L. and {Combet}, C. and {Couchot}, F. and
	{Coulais}, A. and {Crill}, B.~P. and {Curto}, A. and {Cuttaia}, F. and
	{Danese}, L. and {Davies}, R.~D. and {Davis}, R.~J. and
	{de Bernardis}, P. and {de Rosa}, A. and {de Zotti}, G. and
	{Delabrouille}, J. and {Delouis}, J. -M. and {D{\'e}sert}, F. -X. and
	{Dickinson}, C. and {Diego}, J.~M. and {Dolag}, K. and {Dole}, H. and
	{Donzelli}, S. and {Dor{\'e}}, O. and {Douspis}, M. and {Ducout}, A. and
	{Dupac}, X. and {Efstathiou}, G. and {Elsner}, F. and
	{En{\ss}lin}, T.~A. and {Eriksen}, H.~K. and {Fergusson}, J. and
	{Finelli}, F. and {Forni}, O. and {Frailis}, M. and {Fraisse}, A.~A. and
	{Franceschi}, E. and {Frejsel}, A. and {Galeotta}, S. and {Galli}, S. and
	{Ganga}, K. and {Ghosh}, T. and {Giard}, M. and
	{Giraud-H{\'e}raud}, Y. and {Gjerl{\o}w}, E. and
	{Gonz{\'a}lez-Nuevo}, J. and {G{\'o}rski}, K.~M. and {Gratton}, S. and
	{Gregorio}, A. and {Gruppuso}, A. and {Gudmundsson}, J.~E. and
	{Hansen}, F.~K. and {Hanson}, D. and {Harrison}, D.~L. and
	{Henrot-Versill{\'e}}, S. and {Hern{\'a}ndez-Monteagudo}, C. and
	{Herranz}, D. and {Hildebrandt}, S.~R. and {Hivon}, E. and
	{Hobson}, M. and {Holmes}, W.~A. and {Hornstrup}, A. and {Hovest}, W. and
	{Huffenberger}, K.~M. and {Hurier}, G. and {Jaffe}, A.~H. and
	{Jaffe}, T.~R. and {Jones}, W.~C. and {Juvela}, M. and {Karakci}, A. and
	{Keih{\"a}nen}, E. and {Keskitalo}, R. and {Kiiveri}, K. and
	{Kisner}, T.~S. and {Kneissl}, R. and {Knoche}, J. and {Kunz}, M. and
	{Kurki-Suonio}, H. and {Lagache}, G. and {Lamarre}, J. -M. and
	{Lasenby}, A. and {Lattanzi}, M. and {Lawrence}, C.~R. and
	{Leonardi}, R. and {Lesgourgues}, J. and {Levrier}, F. and
	{Liguori}, M. and {Lilje}, P.~B. and {Linden-V{\o}rnle}, M. and
	{Lindholm}, V. and {L{\'o}pez-Caniego}, M. and {Lubin}, P.~M. and
	{Mac{\'\i}as-P{\'e}rez}, J.~F. and {Maggio}, G. and {Maino}, D. and {Mand
	olesi}, N. and {Mangilli}, A. and {Maris}, M. and {Martin}, P.~G. and
	{Mart{\'\i}nez-Gonz{\'a}lez}, E. and {Masi}, S. and {Matarrese}, S. and
	{McGehee}, P. and {Meinhold}, P.~R. and {Melchiorri}, A. and
	{Melin}, J. -B. and {Mendes}, L. and {Mennella}, A. and
	{Migliaccio}, M. and {Mitra}, S. and {Miville-Desch{\^e}nes}, M. -A. and
	{Moneti}, A. and {Montier}, L. and {Morgante}, G. and {Mortlock}, D. and
	{Moss}, A. and {Munshi}, D. and {Murphy}, J.~A. and {Naselsky}, P. and
	{Nati}, F. and {Natoli}, P. and {Netterfield}, C.~B. and
	{N{\o}rgaard-Nielsen}, H.~U. and {Noviello}, F. and {Novikov}, D. and
	{Novikov}, I. and {Oxborrow}, C.~A. and {Paci}, F. and {Pagano}, L. and
	{Pajot}, F. and {Paoletti}, D. and {Pasian}, F. and {Patanchon}, G. and
	{Pearson}, T.~J. and {Perdereau}, O. and {Perotto}, L. and
	{Perrotta}, F. and {Pettorino}, V. and {Piacentini}, F. and {Piat}, M. and
	{Pierpaoli}, E. and {Pietrobon}, D. and {Plaszczynski}, S. and
	{Pointecouteau}, E. and {Polenta}, G. and {Pratt}, G.~W. and
	{Pr{\'e}zeau}, G. and {Prunet}, S. and {Puget}, J. -L. and
	{Rachen}, J.~P. and {Rebolo}, R. and {Reinecke}, M. and
	{Remazeilles}, M. and {Renault}, C. and {Renzi}, A. and
	{Ristorcelli}, I. and {Rocha}, G. and {Roman}, M. and {Rosset}, C. and
	{Rossetti}, M. and {Roudier}, G. and {Rubi{\~n}o-Mart{\'\i}n}, J.~A. and
	{Rusholme}, B. and {Sandri}, M. and {Santos}, D. and {Savelainen}, M. and
	{Scott}, D. and {Seiffert}, M.~D. and {Shellard}, E.~P.~S. and
	{Spencer}, L.~D. and {Stolyarov}, V. and {Stompor}, R. and
	{Sudiwala}, R. and {Sutton}, D. and {Suur-Uski}, A. -S. and
	{Sygnet}, J. -F. and {Tauber}, J.~A. and {Terenzi}, L. and
	{Toffolatti}, L. and {Tomasi}, M. and {Tristram}, M. and {Tucci}, M. and
	{Tuovinen}, J. and {Valenziano}, L. and {Valiviita}, J. and
	{Van Tent}, B. and {Vielva}, P. and {Villa}, F. and {Wade}, L.~A. and
	{Wandelt}, B.~D. and {Wehus}, I.~K. and {Welikala}, N. and {Yvon}, D. and
	{Zacchei}, A. and {Zonca}, A.},
	title = "{Planck 2015 results. XII. Full focal plane simulations}",
	journal = {\aap},
	keywords = {methods: data analysis, methods: numerical, cosmic background radiation, Astrophysics - Cosmology and Nongalactic Astrophysics},
	year = "2016",
	month = "Sep",
	volume = {594},
	eid = {A12},
	pages = {A12},
	doi = {10.1051/0004-6361/201527103},
	archivePrefix = {arXiv},
	eprint = {1509.06348},
	primaryClass = {astro-ph.CO},
	adsurl = {https://ui.adsabs.harvard.edu/\#abs/2016A&A...594A..12P},
	adsnote = {Provided by the SAO/NASA Astrophysics Data System}
}


@article{doi.10.1063/1.1705135,
	author = {Goldberg,J. N.  and Macfarlane,A. J.  and Newman,E. T.  and Rohrlich,F.  and Sudarshan,E. C. G. },
	title = {Spin‐s Spherical Harmonics and ð},
	journal = {Journal of Mathematical Physics},
	volume = {8},
	number = {11},
	pages = {2155-2161},
	year = {1967},
	doi = {10.1063/1.1705135},
	URL = {https://doi.org/10.1063/1.1705135},
	eprint = {https://doi.org/10.1063/1.1705135	}
}

@ARTICLE{1997PhRvD..55.7368K,
	author = {{Kamionkowski}, Marc and {Kosowsky}, Arthur and {Stebbins}, Albert},
	title = "{Statistics of cosmic microwave background polarization}",
	journal = {PRD},
	keywords = {98.70.Vc, 98.80.Cq, Background radiations, Particle-theory and field-theory models of the early Universe, Astrophysics, High Energy Physics - Phenomenology},
	year = 1997,
	month = Jun,
	volume = {55},
	pages = {7368-7388},
	doi = {10.1103/PhysRevD.55.7368},
	archivePrefix = {arXiv},
	eprint = {astro-ph/9611125},
	primaryClass = {astro-ph},
	adsurl = {https://ui.adsabs.harvard.edu/\#abs/1997PhRvD..55.7368K},
	adsnote = {Provided by the SAO/NASA Astrophysics Data System}
}

@article{10.1093/mnras/stu856,
	author = {Pisano, Giampaolo and Brown, Michael L. and Battye, Richard A. and Wallis, Christopher G. R. and Lamagna, Luca},
	title = "{Removing beam asymmetry bias in precision CMB temperature and polarization experiments}",
	journal = {Monthly Notices of the Royal Astronomical Society},
	volume = {442},
	number = {3},
	pages = {1963-1979},
	year = {2014},
	month = {06},
	abstract = "{Asymmetric beams can create significant bias in estimates of the power spectra from cosmic microwave background (CMB) experiments. With the temperature power spectrum many orders of magnitude stronger than the B-mode power spectrum, any systematic error that couples the two must be carefully controlled and/or removed. Here, we derive unbiased estimators for the CMB temperature and polarization power spectra taking into account general beams and general scan strategies. A simple consequence of asymmetric beams is that, even with an ideal scan strategy where every sky pixel is seen at every orientation, there will be residual coupling from temperature power to B-mode power if the orientation of the beam asymmetry is not aligned with the orientation of the co-polarization. We test our correction algorithm on simulations of two temperature-only experiments and demonstrate that it is unbiased. The simulated experiments use realistic scan strategies, noise levels and highly asymmetric beams. We also develop a map-making algorithm that is capable of removing beam asymmetry bias at the map level. We demonstrate its implementation using simulations and show that it is capable of accurately correcting both temperature and polarization maps for all of the effects of beam asymmetry including the effects of temperature to polarization leakage.}",
	issn = {0035-8711},
	doi = {10.1093/mnras/stu856},
	url = {https://dx.doi.org/10.1093/mnras/stu856},
	eprint = {http://oup.prod.sis.lan/mnras/article-pdf/442/3/1963/3544009/stu856.pdf},
}




@article{PhysRevD.77.083003,
	title = {CMB polarization systematics due to beam asymmetry: Impact on inflationary science},
	author = {Shimon, Meir and Keating, Brian and Ponthieu, Nicolas and Hivon, Eric},
	journal = {Phys. Rev. D},
	volume = {77},
	issue = {8},
	pages = {083003},
	numpages = {11},
	year = {2008},
	month = {Apr},
	publisher = {American Physical Society},
	doi = {10.1103/PhysRevD.77.083003},
	url = {https://link.aps.org/doi/10.1103/PhysRevD.77.083003}
}

@ARTICLE{2015JCAP...03..048D,
	author = {{Das}, Santanu and {Mitra}, Sanjit and {Tabitha Paulson}, Sonu},
	title = "{Effect of noncircularity of experimental beam on CMB parameter estimation}",
	journal = {Journal of Cosmology and Astro-Particle Physics},
	keywords = {Astrophysics - Cosmology and Nongalactic Astrophysics, Astrophysics - Instrumentation and Methods for Astrophysics},
	year = 2015,
	month = Mar,
	volume = {2015},
	eid = {048},
	pages = {048},
	doi = {10.1088/1475-7516/2015/03/048},
	archivePrefix = {arXiv},
	eprint = {1501.02101},
	primaryClass = {astro-ph.CO},
	adsurl = {https://ui.adsabs.harvard.edu/\#abs/2015JCAP...03..048D},
	adsnote = {Provided by the SAO/NASA Astrophysics Data System}
}


%Original paper
@article{Lewis:2002ah,
	author         = "Lewis, Antony and Bridle, Sarah",
	title          = "{Cosmological parameters from CMB and other data: A Monte
	Carlo approach}",
	journal        = "PRD",
	volume         = "66",
	year           = "2002",
	pages          = "103511",
	doi            = "10.1103/PhysRevD.66.103511",
	eprint         = "astro-ph/0205436",
	archivePrefix  = "arXiv",
	primaryClass   = "astro-ph",
	SLACcitation   = "%%CITATION = ASTRO-PH/0205436;%%"
}

@ARTICLE{1996AnPhy.246...49K,
	author = {{Kosowsky}, A.},
	title = "{Cosmic microwave background polarization.}",
	journal = {Annals of Physics},
	keywords = {Cosmic Microwave Background: Polarization, Astrophysics},
	year = 1996,
	month = Feb,
	volume = {246},
	pages = {49-85},
	doi = {10.1006/aphy.1996.0020},
	archivePrefix = {arXiv},
	eprint = {astro-ph/9501045},
	primaryClass = {astro-ph},
	adsurl = {https://ui.adsabs.harvard.edu/\#abs/1996AnPhy.246...49K},
	adsnote = {Provided by the SAO/NASA Astrophysics Data System}
}

@ARTICLE{1948MNRAS.108..252B,
	author = {{Bondi}, H. and {Gold}, T.},
	title = "{The Steady-State Theory of the Expanding Universe}",
	journal = {MNRAS},
	year = 1948,
	volume = 108,
	pages = {252},
	doi = {10.1093/mnras/108.3.252},
	adsurl = {http://adsabs.harvard.edu/abs/1948MNRAS.108..252B},
	adsnote = {Provided by the SAO/NASA Astrophysics Data System}
}


@ARTICLE{2016A&A...594A..13P,
	author = {{Planck Collaboration} and {Ade}, P.~A.~R. and {Aghanim}, N. and 
	{Arnaud}, M. and {Ashdown}, M. and {Aumont}, J. and {Baccigalupi}, C. and 
	{Banday}, A.~J. and {Barreiro}, R.~B. and {Bartlett}, J.~G. and et al.},
	title = "{Planck 2015 results. XIII. Cosmological parameters}",
	journal = {AAP},
	archivePrefix = "arXiv",
	eprint = {1502.01589},
	keywords = {cosmology: observations, cosmology: theory, cosmic background radiation, cosmological parameters},
	year = 2016,
	month = sep,
	volume = 594,
	eid = {A13},
	pages = {A13},
	doi = {10.1051/0004-6361/201525830},
	adsurl = {http://adsabs.harvard.edu/abs/2016A%26A...594A..13P},
	adsnote = {Provided by the SAO/NASA Astrophysics Data System}
}

@article{Lewis:1999bs,
	author         = "Lewis, Antony and Challinor, Anthony and Lasenby,
	Anthony",
	title          = "{Efficient computation of CMB anisotropies in closed FRW models}",
	journal        = "Astrophys. J.",
	volume         = "538",
	year           = "2000",
	pages          = "473-476",
	doi            = "10.1086/309179",
	eprint         = "astro-ph/9911177",
	archivePrefix  = "arXiv",
	primaryClass   = "astro-ph",
	SLACcitation   = "%%CITATION = ASTRO-PH/9911177;%%"
}

@ARTICLE{2007A&A...470..771J,
	author = {{Jones}, W.~C. and {Montroy}, T.~E. and {Crill}, B.~P. and {Contaldi}, C.~R. and 
	{Kisner}, T.~S. and {Lange}, A.~E. and {MacTavish}, C.~J. and 
	{Netterfield}, C.~B. and {Ruhl}, J.~E.},
	title = "{Instrumental and analytic methods for bolometric polarimetry}",
	journal = {\aap},
	eprint = {astro-ph/0606606},
	keywords = {cosmic microwave background, polarization, instrumentation: detectors, instrumentation: polarimeters, techniques: polarimetric, methods: numerical},
	year = 2007,
	month = aug,
	volume = 470,
	pages = {771-785},
	doi = {10.1051/0004-6361:20065911},
	adsurl = {http://adsabs.harvard.edu/abs/2007A%26A...470..771J},
	adsnote = {Provided by the SAO/NASA Astrophysics Data System}
}

@ARTICLE{2016ApJ...818..151M,
	author = {{Miller}, N.~J. and {Chuss}, D.~T. and {Marriage}, T.~A. and
	{Wollack}, E.~J. and {Appel}, J.~W. and {Bennett}, C.~L. and
	{Eimer}, J. and {Essinger-Hileman}, T. and {Fixsen}, D.~J. and
	{Harrington}, K. and {Moseley}, S.~H. and {Rostem}, K. and
	{Switzer}, E.~R. and {Watts}, D.~J.},
	title = "{Recovery of Large Angular Scale CMB Polarization for Instruments Employing Variable-delay Polarization Modulators}",
	journal = {APJ},
	keywords = {cosmic background radiation, methods: data analysis, Astrophysics - Instrumentation and Methods for Astrophysics, Astrophysics - Cosmology and Nongalactic Astrophysics},
	year = "2016",
	month = "Feb",
	volume = {818},
	number = {2},
	eid = {151},
	pages = {151},
	doi = {10.3847/0004-637X/818/2/151},
	archivePrefix = {arXiv},
	eprint = {1509.04628},
	primaryClass = {astro-ph.IM},
	adsurl = {https://ui.adsabs.harvard.edu/abs/2016ApJ...818..151M},
	adsnote = {Provided by the SAO/NASA Astrophysics Data System}
}



@ARTICLE{2019ApJ...876..126A,
	author = {{Appel}, John W. and {Xu}, Zhilei and {Padilla}, Ivan L. and
	{Harrington}, Kathleen and {Pradenas Marquez}, Basti{\'a}n and
	{Ali}, Aamir and {Bennett}, Charles L. and {Brewer}, Michael K. and
	{Bustos}, Ricardo and {Chan}, Manwei and {Chuss}, David T. and
	{Cleary}, Joseph and {Couto}, Jullianna and {Dahal}, Sumit and
	{Denis}, Kevin and {D{\"u}nner}, Rolando and {Eimer}, Joseph R. and
	{Essinger-Hileman}, Thomas and {Fluxa}, Pedro and {Gothe}, Dominik and
	{Hilton}, Gene C. and {Hubmayr}, Johannes and {Iuliano}, Jeffrey and
	{Karakla}, John and {Marriage}, Tobias A. and {Miller}, Nathan J. and
	{N{\'u}{\~n}ez}, Carolina and {Parker}, Lucas and {Petroff}, Matthew and
	{Reintsema}, Carl D. and {Rostem}, Karwan and {Stevens}, Robert W. and
	{Nunes Valle}, Deniz Augusto and {Wang}, Bingjie and
	{Watts}, Duncan J. and {Wollack}, Edward J. and {Zeng}, Lingzhen},
	title = "{On-sky Performance of the CLASS Q-band Telescope}",
	journal = {APJ},
	keywords = {cosmic background radiation, cosmology: observations, inflation, instrumentation: detectors, ISM: supernova remnants, Moon, Astrophysics - Instrumentation and Methods for Astrophysics},
	year = "2019",
	month = "May",
	volume = {876},
	number = {2},
	eid = {126},
	pages = {126},
	doi = {10.3847/1538-4357/ab1652},
	archivePrefix = {arXiv},
	eprint = {1811.08287},
	primaryClass = {astro-ph.IM},
	adsurl = {https://ui.adsabs.harvard.edu/abs/2019ApJ...876..126A},
	adsnote = {Provided by the SAO/NASA Astrophysics Data System}
}



@ARTICLE{2007MNRAS.376.1767O,
	author = {{O'Dea}, D. and {Challinor}, A. and {Johnson}, B.~R.},
	title = "{Systematic errors in cosmic microwave background polarization measurements}",
	journal = {MNRAS},
	eprint = {astro-ph/0610361},
	keywords = {methods: analytical, methods: numerical, cosmic microwave background},
	year = 2007,
	month = apr,
	volume = 376,
	pages = {1767-1783},
	doi = {10.1111/j.1365-2966.2007.11558.x},
	adsurl = {http://adsabs.harvard.edu/abs/2007MNRAS.376.1767O},
	adsnote = {Provided by the SAO/NASA Astrophysics Data System}
}


@ARTICLE{1999astro.ph..5275G,
	author = {{Gorski}, K.~M. and {Wandelt}, B.~D. and {Hansen}, F.~K. and 
	{Hivon}, E. and {Banday}, A.~J.},
	title = "{The HEALPix Primer}",
	journal = {ArXiv Astrophysics e-prints},
	eprint = {astro-ph/9905275},
	keywords = {Astrophysics},
	year = 1999,
	month = may,
	adsurl = {http://adsabs.harvard.edu/abs/1999astro.ph..5275G},
	adsnote = {Provided by the SAO/NASA Astrophysics Data System}
}

@article{doi:10.1046/j.1365-8711.2002.05085.x,
	author = {Mortlock, Daniel J. and Challinor, Anthony D. and Hobson, Michael P.},
	title = {Analysis of cosmic microwave background data on an incomplete sky},
	journal = {Monthly Notices of the Royal Astronomical Society},
	volume = {330},
	number = {2},
	pages = {405-420},
	year = {2002},
	doi = {10.1046/j.1365-8711.2002.05085.x},
	URL = {http://dx.doi.org/10.1046/j.1365-8711.2002.05085.x},
	eprint = {/oup/backfile/content_public/journal/mnras/330/2/10.1046/j.1365-8711.2002.05085.x/2/330-2-405.pdf}
}

@ARTICLE{2004mmu..symp..309Z,
	author = {{Zaldarriaga}, M.},
	title = "{The Polarization of the Cosmic Microwave Background}",
	journal = {Measuring and Modeling the Universe},
	eprint = {astro-ph/0305272},
	year = 2004,
	pages = {309},
	adsurl = {http://adsabs.harvard.edu/abs/2004mmu..symp..309Z},
	adsnote = {Provided by the SAO/NASA Astrophysics Data System}
}

@INPROCEEDINGS{2012SPIE.8452E..20E,
	author = {{Eimer}, J.~R. and {Bennett}, C.~L. and {Chuss}, D.~T. and {Marriage}, T. and 
	{Wollack}, E.~J. and {Zeng}, L.},
	title = "{The cosmology large angular scale surveyor (CLASS): 40 GHz optical design}",
	booktitle = {Millimeter, Submillimeter, and Far-Infrared Detectors and Instrumentation for Astronomy VI},
	year = 2012,
	series = {SPIE},
	volume = 8452,
	archivePrefix = "arXiv",
	eprint = {1211.0041},
	primaryClass = "astro-ph.IM",
	month = sep,
	eid = {845220},
	pages = {845220},
	doi = {10.1117/12.925464},
	adsurl = {http://adsabs.harvard.edu/abs/2012SPIE.8452E..20E},
	adsnote = {Provided by the SAO/NASA Astrophysics Data System}
}

@article{zeng_2012, place={Baltimore, MD}, title={Polarimetry in astrophysics and cosmology}, author={Zeng, Lingzhen}, year={2012}} 


@ARTICLE{2015arXiv150608105K,
	author = {{Kasarapu}, Parthan},
	title = "{Modelling of directional data using Kent distributions}",
	journal = {arXiv e-prints},
	keywords = {Computer Science - Machine Learning, Statistics - Machine Learning},
	year = 2015,
	month = Jun,
	eid = {arXiv:1506.08105},
	pages = {arXiv:1506.08105},
	archivePrefix = {arXiv},
	eprint = {1506.08105},
	primaryClass = {cs.LG},
	adsurl = {https://ui.adsabs.harvard.edu/\#abs/2015arXiv150608105K},
	adsnote = {Provided by the SAO/NASA Astrophysics Data System}
}

@INPROCEEDINGS{2016SPIE.9914E..2QF,
	author = {{Flux\'a}, Pedro and {D{\"u}nner}, Rolando and {Maurin},
	Lo{\"\i}c. and {Choi}, Steve K. and {Devlin}, Mark J. and
	{Gallardo}, Patricio A. and {Ho}, Shuay-Pwu P. and {Koopman},
	Brian J. and {Louis}, Thibaut and {McMahon}, Jeffrey J. and
	{Nati}, Federico and {Niemack}, Michael D. and {Newburgh}, Laura
	and {Page}, Lyman A. and {Salatino}, Maria and {Schillaci},
	Alessandro and {Schmitt}, Benjamin L. and {Simon}, Sara M. and
	{Staggs}, Suzanne T. and {Wollack}, Edward J.},
	title = "{Far sidelobe effects from panel gaps of the Atacama Cosmology Telescope}",
	booktitle = {Millimeter, Submillimeter, and Far-Infrared Detectors and Instrumentation for Astronomy VIII},
	year = 2016,
	series = {Society of Photo-Optical Instrumentation Engineers (SPIE) Conference Series},
	volume = {9914},
	month = Jul,
	eid = {99142Q},
	pages = {99142Q},
	doi = {10.1117/12.2231421},
	adsurl = {https://ui.adsabs.harvard.edu/\#abs/2016SPIE.9914E..2QF},
	adsnote = {Provided by the SAO/NASA Astrophysics Data System}
}

@ARTICLE{2018arXiv180905034D,
	author = {{Duivenvoorden}, Adriaan J. and {Gudmundsson}, Jon E. and {Rahlin},
	Alexandra S.},
	title = "{Full-sky beam convolution for cosmic microwave background applications}",
	journal = {arXiv e-prints},
	keywords = {Astrophysics - Instrumentation and Methods for Astrophysics,
	Astrophysics - Cosmology and Nongalactic Astrophysics},
	year = 2018,
	month = Sep,
	eid = {arXiv:1809.05034},
	pages = {arXiv:1809.05034},
	archivePrefix = {arXiv},
	eprint = {1809.05034},
	primaryClass = {astro-ph.IM},
	adsurl = {https://ui.adsabs.harvard.edu/\#abs/2018arXiv180905034D},
	adsnote = {Provided by the SAO/NASA Astrophysics Data System}
}



@ARTICLE{2018arXiv181108287A,
	author = {{Appel}, John W. and {Xu}, Zhilei and {Padilla}, Ivan L. and
	{Harrington}, Kathleen and {Pradenas Marquez}, Basti{\'a}n and
	{Ali}, Aamir and {Bennett}, Charles L. and {Brewer}, Micheal K.
	and {Bustos}, Ricardo and {Chan}, Manwei and {Chuss}, David T.
	and {Cleary}, Joseph and {Cuoto}, Jullianna and {Dahal}, Sumit
	and {Denis}, Kevin and {D{\"u}nner}, Rolando and {Eimer}, Joseph
	R. and {Essinger-Hileman}, Thomas and {Fluxa}, Pedro and
	{Gothe}, Dominik and {Hilton}, Gene C. and {Hubmayr}, Johannes
	and {Iuliano}, Jeffrey and {Karakla}, John and {Marriage},
	Tobias A. and {Miller}, Nathan J. and {N{\'u}{\~n}ez}, Carolina
	and {Parker}, Lucas and {Petroff}, Matthew and {Reintsema}, Carl
	D. and {Rostem}, Karwan and {Stevens}, Robert W. and {Nunes
	Valle}, Deniz Augusto and {Wang}, Bingjie and {Watts}, Duncan J.
	and {Wollack}, Edward J. and {Zeng}, Lingzhen},
	title = "{On-sky performance of the CLASS Q-band telescope}",
	journal = {arXiv e-prints},
	keywords = {Astrophysics - Instrumentation and Methods for Astrophysics},
	year = 2018,
	month = Nov,
	eid = {arXiv:1811.08287},
	pages = {arXiv:1811.08287},
	archivePrefix = {arXiv},
	eprint = {1811.08287},
	primaryClass = {astro-ph.IM},
	adsurl = {https://ui.adsabs.harvard.edu/\#abs/2018arXiv181108287A},
	adsnote = {Provided by the SAO/NASA Astrophysics Data System}
}



@INPROCEEDINGS{2016SPIE.9914E..2TK,
	author = {{Koopman}, Brian and {Austermann}, Jason and {Cho}, Hsiao-Mei and
	{Coughlin}, Kevin P. and {Duff}, Shannon M. and {Gallardo},
	Patricio A. and {Hasselfield}, Matthew and {Henderson}, Shawn W.
	and {Ho}, Shuay-Pwu Patty and {Hubmayr}, Johannes and {Irwin},
	Kent D. and {Li}, Dale and {McMahon}, Jeff and {Nati}, Federico
	and {Niemack}, Michael D. and {Newburgh}, Laura and {Page},
	Lyman A. and {Salatino}, Maria and {Schillaci}, Alessandro and
	{Schmitt}, Benjamin L. and {Simon}, Sara M. and {Vavagiakis},
	Eve M. and {Ward}, Jonathan T. and {Wollack}, Edward J.},
	title = "{Optical modeling and polarization calibration for CMB measurements with
	ACTPol and Advanced ACTPol}",
	keywords = {Astrophysics - Instrumentation and Methods for Astrophysics,
	Astrophysics - Cosmology and Nongalactic Astrophysics},
	booktitle = {Millimeter, Submillimeter, and Far-Infrared Detectors and Instrumentation for Astronomy VIII},
	year = 2016,
	series = {Society of Photo-Optical Instrumentation Engineers (SPIE) Conference Series},
	volume = {9914},
	month = Jul,
	eid = {99142T},
	pages = {99142T},
	doi = {10.1117/12.2231912},
	archivePrefix = {arXiv},
	eprint = {1607.01825},
	primaryClass = {astro-ph.IM},
	adsurl = {https://ui.adsabs.harvard.edu/\#abs/2016SPIE.9914E..2TK},
	adsnote = {Provided by the SAO/NASA Astrophysics Data System}
}

@ARTICLE{ 1979JETPL..30..682S ,
	author = {{Starobinski{\v i}}, A.~A.},
	title = "{Spectrum of relict gravitational radiation and the early state of the universe}",
	journal = {Soviet Journal of Experimental and Theoretical Physics Letters},
	year = 1979,
	month = dec,
	volume = 30,
	pages = {682},
	adsurl = {http://adsabs.harvard.edu/abs/1979JETPL..30..682S},
	adsnote = {Provided by the SAO/NASA Astrophysics Data System}
}

@ARTICLE{2018arXiv180706211P,
	author = {{Planck Collaboration} and {Akrami}, Y. and {Arroja}, F. and {Ashdown},
	M. and {Aumont}, J. and {Baccigalupi}, C. and {Ballardini}, M.
	and {Banday}, A.~J. and {Barreiro}, R.~B. and {Bartolo}, N. and
	{Basak}, S. and {Benabed}, K. and {Bernard}, J. -P. and
	{Bersanelli}, M. and {Bielewicz}, P. and {Bock}, J.~J. and
	{Bond}, J.~R. and {Borrill}, J. and {Bouchet}, F.~R. and
	{Boulanger}, F. and {Bucher}, M. and {Burigana}, C. and
	{Butler}, R.~C. and {Calabrese}, E. and {Cardoso}, J. -F. and
	{Carron}, J. and {Challinor}, A. and {Chiang}, H.~C. and
	{Colombo}, L.~P.~L. and {Combet}, C. and {Contreras}, D. and
	{Crill}, B.~P. and {Cuttaia}, F. and {de Bernardis}, P. and {de
	Zotti}, G. and {Delabrouille}, J. and {Delouis}, J. -M. and {Di
	Valentino}, E. and {Diego}, J.~M. and {Donzelli}, S. and
	{Dor{\'e}}, O. and {Douspis}, M. and {Ducout}, A. and {Dupac},
	X. and {Dusini}, S. and {Efstathiou}, G. and {Elsner}, F. and
	{En{\ss}lin}, T.~A. and {Eriksen}, H.~K. and {Fantaye}, Y. and
	{Fergusson}, J. and {Fernandez-Cobos}, R. and {Finelli}, F. and
	{Forastieri}, F. and {Frailis}, M. and {Franceschi}, E. and
	{Frolov}, A. and {Galeotta}, S. and {Galli}, S. and {Ganga}, K.
	and {Gauthier}, C. and {G{\'e}nova-Santos}, R.~T. and {Gerbino},
	M. and {Ghosh}, T. and {Gonz{\'a}lez-Nuevo}, J. and
	{G{\'o}rski}, K.~M. and {Gratton}, S. and {Gruppuso}, A. and
	{Gudmundsson}, J.~E. and {Hamann}, J. and {Handley}, W. and
	{Hansen}, F.~K. and {Herranz}, D. and {Hivon}, E. and {Hooper},
	D.~C. and {Huang}, Z. and {Jaffe}, A.~H. and {Jones}, W.~C. and
	{Keih{\"a}nen}, E. and {Keskitalo}, R. and {Kiiveri}, K. and
	{Kim}, J. and {Kisner}, T.~S. and {Krachmalnicoff}, N. and
	{Kunz}, M. and {Kurki-Suonio}, H. and {Lagache}, G. and
	{Lamarre}, J. -M. and {Lasenby}, A. and {Lattanzi}, M. and
	{Lawrence}, C.~R. and {Le Jeune}, M. and {Lesgourgues}, J. and
	{Levrier}, F. and {Lewis}, A. and {Liguori}, M. and {Lilje},
	P.~B. and {Lindholm}, V. and {Lpez-Caniego}, M. and {Lubin},
	P.~M. and {Ma}, Y. -Z. and {Mac{\'\i}as-P{\'e}rez}, J.~F. and
	{Maggio}, G. and {Maino}, D. and {Mandolesi}, N. and {Mangilli},
	A. and {Marcos-Caballero}, A. and {Maris}, M. and {Martin},
	P.~G. and {Mart{\'\i}nez-Gonz{\'a}lez}, E. and {Matarrese}, S.
	and {Mauri}, N. and {McEwen}, J.~D. and {Meerburg}, P.~D. and
	{Meinhold}, P.~R. and {Melchiorri}, A. and {Mennella}, A. and
	{Migliaccio}, M. and {Mitra}, S. and {Miville-Desch{\^e}nes}, M.
	-A. and {Molinari}, D. and {Moneti}, A. and {Montier}, L. and
	{Morgante}, G. and {Moss}, A. and {M{\"u}nchmeyer}, M. and
	{Natoli}, P. and {N{\o}rgaard-Nielsen}, H.~U. and {Pagano}, L.
	and {Paoletti}, D. and {Partridge}, B. and {Patanchon}, G. and
	{Peiris}, H.~V. and {Perrotta}, F. and {Pettorino}, V. and
	{Piacentini}, F. and {Polastri}, L. and {Polenta}, G. and
	{Puget}, J. -L. and {Rachen}, J.~P. and {Reinecke}, M. and
	{Remazeilles}, M. and {Renzi}, A. and {Rocha}, G. and {Rosset},
	C. and {Roudier}, G. and {Rubi{\~n}o-Mart{\'\i}n}, J.~A. and
	{Ruiz-Granados}, B. and {Salvati}, L. and {Sandri}, M. and
	{Savelainen}, M. and {Scott}, D. and {Shellard}, E.~P.~S. and
	{Shiraishi}, M. and {Sirignano}, C. and {Sirri}, G. and
	{Spencer}, L.~D. and {Sunyaev}, R. and {Suur-Uski}, A. -S. and
	{Tauber}, J.~A. and {Tavagnacco}, D. and {Tenti}, M. and
	{Toffolatti}, L. and {Tomasi}, M. and {Trombetti}, T. and
	{Valiviita}, J. and {Van Tent}, B. and {Vielva}, P. and {Villa},
	F. and {Vittorio}, N. and {Wandelt}, B.~D. and {Wehus}, I.~K.
	and {White}, S.~D.~M. and {Zacchei}, A. and {Zibin}, J.~P. and
	{Zonca}, A.},
	title = "{Planck 2018 results. X. Constraints on inflation}",
	journal = {arXiv e-prints},
	keywords = {Astrophysics - Cosmology and Nongalactic Astrophysics},
	year = 2018,
	month = Jul,
	eid = {arXiv:1807.06211},
	pages = {arXiv:1807.06211},
	archivePrefix = {arXiv},
	eprint = {1807.06211},
	primaryClass = {astro-ph.CO},
	adsurl = {https://ui.adsabs.harvard.edu/\#abs/2018arXiv180706211P},
	adsnote = {Provided by the SAO/NASA Astrophysics Data System}
}

@article{PhysRevD.23.347,
	title = {Inflationary universe: A possible solution to the horizon and flatness problems},
	author = {Guth, Alan H.},
	journal = {Phys. Rev. D},
	volume = {23},
	issue = {2},
	pages = {347--356},
	numpages = {0},
	year = {1981},
	month = {Jan},
	publisher = {American Physical Society},
	doi = {10.1103/PhysRevD.23.347},
	url = {https://link.aps.org/doi/10.1103/PhysRevD.23.347}
}


@MISC{Assis01historyof,
	author = {A. K. T. Assis and São Paulo and M. C. D. Neves},
	title = {History of the 2.7 K Temperature Prior to Penzias and Wilson},
	year = {2001}
}

@ARTICLE{1965ApJ...142..419P,
	author = {{Penzias}, A.~A. and {Wilson}, R.~W.},
	title = "{A Measurement of Excess Antenna Temperature at 4080 Mc/s.}",
	journal = {APJ},
	keywords = {Microwave Background, Cosmic Background Radiation},
	year = 1965,
	month = jul,
	volume = 142,
	pages = {419-421},
	doi = {10.1086/148307},
	adsurl = {http://adsabs.harvard.edu/abs/1965ApJ...142..419P},
	adsnote = {Provided by the SAO/NASA Astrophysics Data System}
}

@article{PhysRev.73.803,
	title = {The Origin of Chemical Elements},
	author = {Alpher, R. A. and Bethe, H. and Gamow, G.},
	journal = {Phys. Rev.},
	volume = {73},
	issue = {7},
	pages = {803--804},
	numpages = {0},
	year = {1948},
	month = {Apr},
	publisher = {American Physical Society},
	doi = {10.1103/PhysRev.73.803},
	url = {https://link.aps.org/doi/10.1103/PhysRev.73.803}
}


@INPROCEEDINGS{2016SPIE.9914E..1KH,
	author = {{Harrington}, K. and {Marriage}, T. and {Ali}, A. and {Appel}, J.~W. and 
	{Bennett}, C.~L. and {Boone}, F. and {Brewer}, M. and {Chan}, M. and 
	{Chuss}, D.~T. and {Colazo}, F. and {Dahal}, S. and {Denis}, K. and 
	{D{\"u}nner}, R. and {Eimer}, J. and {Essinger-Hileman}, T. and 
	{Fluxa}, P. and {Halpern}, M. and {Hilton}, G. and {Hinshaw}, G.~F. and 
	{Hubmayr}, J. and {Iuliano}, J. and {Karakla}, J. and {McMahon}, J. and 
	{Miller}, N.~T. and {Moseley}, S.~H. and {Palma}, G. and {Parker}, L. and 
	{Petroff}, M. and {Pradenas}, B. and {Rostem}, K. and {Sagliocca}, M. and 
	{Valle}, D. and {Watts}, D. and {Wollack}, E. and {Xu}, Z. and 
	{Zeng}, L.},
	title = "{The Cosmology Large Angular Scale Surveyor}",
	booktitle = {Millimeter, Submillimeter, and Far-Infrared Detectors and Instrumentation for Astronomy VIII},
	year = 2016,
	series = {SPIE},
	volume = 9914,
	archivePrefix = "arXiv",
	eprint = {1608.08234},
	primaryClass = "astro-ph.IM",
	month = jul,
	eid = {99141K},
	pages = {99141K},
	doi = {10.1117/12.2233125},
	adsurl = {http://adsabs.harvard.edu/abs/2016SPIE.9914E..1KH},
	adsnote = {Provided by the SAO/NASA Astrophysics Data System}
}

@ARTICLE{2013ApJS..208...20B,
	author = {{Bennett}, C.~L. and {Larson}, D. and {Weiland}, J.~L. and {Jarosik}, N.
	and {Hinshaw}, G. and {Odegard}, N. and {Smith}, K.~M. and
	{Hill}, R.~S. and {Gold}, B. and {Halpern}, M. and {Komatsu}, E.
	and {Nolta}, M.~R. and {Page}, L. and {Spergel}, D.~N. and
	{Wollack}, E. and {Dunkley}, J. and {Kogut}, A. and {Limon}, M.
	and {Meyer}, S.~S. and {Tucker}, G.~S. and {Wright}, E.~L.},
	title = "{Nine-year Wilkinson Microwave Anisotropy Probe (WMAP) Observations:
	Final Maps and Results}",
	journal = {The Astrophysical Journal Supplement Series},
	keywords = {cosmic background radiation, cosmology: observations, dark matter, early
	universe, instrumentation: detectors, space vehicles, space
	vehicles: instruments, telescopes, Astrophysics - Cosmology and
	Nongalactic Astrophysics},
	year = 2013,
	month = Oct,
	volume = {208},
	eid = {20},
	pages = {20},
	doi = {10.1088/0067-0049/208/2/20},
	archivePrefix = {arXiv},
	eprint = {1212.5225},
	primaryClass = {astro-ph.CO},
	adsurl = {https://ui.adsabs.harvard.edu/\#abs/2013ApJS..208...20B},
	adsnote = {Provided by the SAO/NASA Astrophysics Data System}
}

@ARTICLE{2017PhRvL.118f1801A,
	author = {{Acharya}, B. and {Alexandre}, J. and {Baines}, S. and {Benes}, P. and
	{Bergmann}, B. and {Bernab{\'e}u}, J. and {Branzas}, H. and
	{Campbell}, M. and {Caramete}, L. and {Cecchini}, S. and {de
	Montigny}, M. and {De Roeck}, A. and {Ellis}, J.~R. and
	{Fairbairn}, M. and {Felea}, D. and {Flores}, J. and {Frank}, M.
	and {Frekers}, D. and {Garcia}, C. and {Hirt}, A.~M. and
	{Janecek}, J. and {Kalliokoski}, M. and {Katre}, A. and {Kim},
	D. -W. and {Kinoshita}, K. and {Korzenev}, A. and
	{Lacarr{\`e}re}, D.~H. and {Lee}, S.~C. and {Leroy}, C. and
	{Lionti}, A. and {Mamuzic}, J. and {Margiotta}, A. and {Mauri},
	N. and {Mavromatos}, N.~E. and {Mermod}, P. and {Mitsou}, V.~A.
	and {Orava}, R. and {Parker}, B. and {Pasqualini}, L. and
	{Patrizii}, L. and {Pǎvǎlaș}, G.~E. and {Pinfold}, J.~L. and
	{Popa}, V. and {Pozzato}, M. and {Pospisil}, S. and {Rajantie},
	A. and {Ruiz de Austri}, R. and {Sahnoun}, Z. and
	{Sakellariadou}, M. and {Sarkar}, S. and {Semenoff}, G. and
	{Shaa}, A. and {Sirri}, G. and {Sliwa}, K. and {Soluk}, R. and
	{Spurio}, M. and {Srivastava}, Y.~N. and {Suk}, M. and {Swain},
	J. and {Tenti}, M. and {Togo}, V. and {Tuszy{\'n}ski}, J.~A. and
	{Vento}, V. and {Vives}, O. and {Vykydal}, Z. and {Whyntie}, T.
	and {Widom}, A. and {Willems}, G. and {Yoon}, J.~H. and {Zgura},
	I.~S. and {MoEDAL Collaboration}},
	title = "{Search for Magnetic Monopoles with the MoEDAL Forward Trapping Detector
	in 13 TeV Proton-Proton Collisions at the LHC}",
	journal = PRL,
	year = 2017,
	month = Feb,
	volume = {118},
	eid = {061801},
	pages = {061801},
	doi = {10.1103/PhysRevLett.118.061801},
	adsurl = {https://ui.adsabs.harvard.edu/\#abs/2017PhRvL.118f1801A},
	adsnote = {Provided by the SAO/NASA Astrophysics Data System}
}

@ARTICLE{2018JCAP...08..040M,
	author = {{Montero-Camacho}, Paulo and {Hirata}, Christopher M.},
	title = "{Exploring circular polarization in the CMB due to conventional sources
	of cosmic birefringence}",
	journal = {Journal of Cosmology and Astro-Particle Physics},
	keywords = {Astrophysics - Cosmology and Nongalactic Astrophysics},
	year = 2018,
	month = Aug,
	volume = {2018},
	eid = {040},
	pages = {040},
	doi = {10.1088/1475-7516/2018/08/040},
	archivePrefix = {arXiv},
	eprint = {1803.04505},
	primaryClass = {astro-ph.CO},
	adsurl = {https://ui.adsabs.harvard.edu/\#abs/2018JCAP...08..040M},
	adsnote = {Provided by the SAO/NASA Astrophysics Data System}
}

@ARTICLE{2011ApJS..193....5M,
	author = {{Mitra}, S. and {Rocha}, G. and {G{\'o}rski}, K.~M. and {Huffenberger},
	K.~M. and {Eriksen}, H.~K. and {Ashdown}, M.~A.~J. and
	{Lawrence}, C.~R.},
	title = "{Fast Pixel Space Convolution for Cosmic Microwave Background Surveys with Asymmetric Beams and Complex Scan Strategies: FEBeCoP}",
	journal = {The Astrophysical Journal Supplement Series},
	keywords = {cosmic background radiation, methods: data analysis, Astrophysics - Cosmology and Nongalactic Astrophysics, General Relativity and Quantum Cosmology},
	year = 2011,
	month = Mar,
	volume = {193},
	eid = {5},
	pages = {5},
	doi = {10.1088/0067-0049/193/1/5},
	archivePrefix = {arXiv},
	eprint = {1005.1929},
	primaryClass = {astro-ph.CO},
	adsurl = {https://ui.adsabs.harvard.edu/\#abs/2011ApJS..193....5M},
	adsnote = {Provided by the SAO/NASA Astrophysics Data System}
}


@ARTICLE{2018PhRvL.121v1301B,
	author = {{BICEP2 Collaboration} and {Keck Array Collaboration} and
	{Ade}, P.~A.~R. and {Ahmed}, Z. and {Aikin}, R.~W. and {Alexand
	er}, K.~D. and {Barkats}, D. and {Benton}, S.~J. and {Bischoff}, C.~A. and
	{Bock}, J.~J. and {Bowens-Rubin}, R. and {Brevik}, J.~A. and
	{Buder}, I. and {Bullock}, E. and {Buza}, V. and {Connors}, J. and
	{Cornelison}, J. and {Crill}, B.~P. and {Crumrine}, M. and
	{Dierickx}, M. and {Duband}, L. and {Dvorkin}, C. and
	{Filippini}, J.~P. and {Fliescher}, S. and {Grayson}, J. and
	{Hall}, G. and {Halpern}, M. and {Harrison}, S. and {Hildebrand
	t}, S.~R. and {Hilton}, G.~C. and {Hui}, H. and {Irwin}, K.~D. and
	{Kang}, J. and {Karkare}, K.~S. and {Karpel}, E. and {Kaufman}, J.~P. and
	{Keating}, B.~G. and {Kefeli}, S. and {Kernasovskiy}, S.~A. and
	{Kovac}, J.~M. and {Kuo}, C.~L. and {Larsen}, N.~A. and {Lau}, K. and
	{Leitch}, E.~M. and {Lueker}, M. and {Megerian}, K.~G. and
	{Moncelsi}, L. and {Namikawa}, T. and {Netterfield}, C.~B. and
	{Nguyen}, H.~T. and {O'Brient}, R. and {Ogburn}, R.~W. and
	{Palladino}, S. and {Pryke}, C. and {Racine}, B. and {Richter}, S. and
	{Schillaci}, A. and {Schwarz}, R. and {Sheehy}, C.~D. and
	{Soliman}, A. and {St. Germaine}, T. and {Staniszewski}, Z.~K. and
	{Steinbach}, B. and {Sudiwala}, R.~V. and {Teply}, G.~P. and
	{Thompson}, K.~L. and {Tolan}, J.~E. and {Tucker}, C. and
	{Turner}, A.~D. and {Umilt{\`a}}, C. and {Vieregg}, A.~G. and {Wand
	ui}, A. and {Weber}, A.~C. and {Wiebe}, D.~V. and {Willmert}, J. and
	{Wong}, C.~L. and {Wu}, W.~L.~K. and {Yang}, H. and {Yoon}, K.~W. and
	{Zhang}, C.},
	title = "{Constraints on Primordial Gravitational Waves Using Planck, WMAP, and New BICEP2/Keck Observations through the 2015 Season}",
	journal = {PRL},
	keywords = {Astrophysics - Cosmology and Nongalactic Astrophysics},
	year = "2018",
	month = "Nov",
	volume = {121},
	eid = {221301},
	pages = {221301},
	doi = {10.1103/PhysRevLett.121.221301},
	archivePrefix = {arXiv},
	eprint = {1810.05216},
	primaryClass = {astro-ph.CO},
	adsurl = {https://ui.adsabs.harvard.edu/abs/2018PhRvL.121v1301B},
	adsnote = {Provided by the SAO/NASA Astrophysics Data System}
}


@article{bicep2015Leakage,
author = {Ade, Peter and W. Aikin, R and Barkats, Denis and J. Benton, S and Bischoff, Colin and J. Bock, J and Brevik, Justus and Buder, I and Bullock, E and D. Dowell, C and Duband, L and P. Filippini, J and Fliescher, Stefan and R. Golwala, S and Halpern, M and Hasselfield, M and R. Hildebrandt, S and C. Hilton, G and D. Irwin, K and W. Yoon, K},
year = {2015},
month = {11},
pages = {110},
title = {Bicep2. III. INSTRUMENTAL SYSTEMATICS},
volume = {814},
journal = {The Astrophysical Journal},
doi = {10.1088/0004-637X/814/2/110}
}

@ARTICLE{1997PhRvD..55.1830Z,
	author = {{Zaldarriaga}, Matias and {Seljak}, Uro{\v{s}}},
	title = "{All-sky analysis of polarization in the microwave background}",
	journal = {PRD},
	keywords = {98.70.Vc, 98.80.Cq, Background radiations, Particle-theory and field-
	theory models of the early Universe, Astrophysics},
	year = 1997,
	month = Feb,
	volume = {55},
	pages = {1830-1840},
	doi = {10.1103/PhysRevD.55.1830},
	archivePrefix = {arXiv},
	eprint = {astro-ph/9609170},
	primaryClass = {astro-ph},
	adsurl = {https://ui.adsabs.harvard.edu/\#abs/1997PhRvD..55.1830Z},
	adsnote = {Provided by the SAO/NASA Astrophysics Data System}
}

@ARTICLE{2008PhT....61g..53B,
	author = {{Baars}, Jacob W.~M. and {Swenson}, George},
	title = "{The Paraboloidal Reflector Antenna in Radio Astronomy and Communication:
	Theory and Practice}",
	journal = {Physics Today},
	year = 2008,
	month = Jan,
	volume = {61},
	pages = {53},
	doi = {10.1063/1.2963014},
	adsurl = {https://ui.adsabs.harvard.edu/\#abs/2008PhT....61g..53B},
	adsnote = {Provided by the SAO/NASA Astrophysics Data System}
}

@ARTICLE{1140406, 
	author={A. Ludwig}, 
	journal={IEEE Transactions on Antennas and Propagation}, 
	title={The definition of cross polarization}, 
	year={1973}, 
	volume={21}, 
	number={1}, 
	pages={116-119}, 
	keywords={Antennas;Polarizations;Terminology;Polarization;Concurrent computing;Antenna measurements;Differential equations;Antenna accessories;Antenna arrays;Log periodic antennas;Wire;Measurement standards;Communication channels}, 
	doi={10.1109/TAP.1973.1140406}, 
	ISSN={0018-926X}, 
	month={January},}
